% Encoding: UTF-8

@Book{ForsterAna1,
  author    = {Forster, Otto},
  title     = {Analysis},
  isbn      = {9783658003166},
  publisher = {Vieweg},
  address   = {Braunschweig},
  year      = {2013},
}

@Article{Forster1972,
  author    = {O. Forster and K. Knorr},
  title     = {Relativ-analytische Räume und die Kohärenz von Bildgarben},
  doi       = {10.1007/bf01391214},
  number    = {1-2},
  pages     = {113--160},
  volume    = {16},
  journal   = {Inventiones Mathematicae},
  month     = {mar},
  publisher = {Springer Science and Business Media {LLC}},
  year      = {1972},
}

@Comment{jabref-meta: databaseType:biblatex;}
